@ARTICLE{starck2007,
   author = {{Saar}, E. and {Mart{\'{\i}}nez}, V.~J. and {Starck}, J.-L. and {Donoho}, D.~L.},
    title = "{Multiscale morphology of the galaxy distribution}",
  journal = {\mnras},
   eprint = {astro-ph/0610958},
 keywords = {methods: data analysis, methods: statistical, large-scale structure of Universe},
     year = 2007,
    month = jan,
   volume = 374,
    pages = {1030-1044},
      doi = {10.1111/j.1365-2966.2006.11237.x},
   adsurl = {http://adsabs.harvard.edu/abs/2007MNRAS.374.1030S},
  adsnote = {Provided by the SAO/NASA Astrophysics Data System}
}

@ARTICLE{cm1603,
   author = {{Cammarota}, V. and {Marinucci}, D.},
    title = "{A Quantitative Central Limit Theorem for the Euler-Poincar$\backslash$'e Characteristic of Random Spherical Eigenfunctions}",
  journal = {ArXiv e-prints},
archivePrefix = "arXiv",
   eprint = {1603.09588},
 primaryClass = "math.PR",
 keywords = {Mathematics - Probability, 60G60, 62M15, 53C65, 42C10, 33C55},
     year = 2016,
    month = mar,
   adsurl = {http://adsabs.harvard.edu/abs/2016arXiv160309588C},
  adsnote = {Provided by the SAO/NASA Astrophysics Data System}
}

@ARTICLE{fantaye14b,
   author = {{Fantaye}, Y.},
    title = "{Test of cosmic isotropy in the Planck era}",
  journal = {ArXiv e-prints},
archivePrefix = "arXiv",
   eprint = {1409.1114},
 keywords = {Astrophysics - Cosmology and Nongalactic Astrophysics},
     year = 2014,
    month = sep,
   adsurl = {http://adsabs.harvard.edu/abs/2014arXiv1409.1114F},
  adsnote = {Provided by the SAO/NASA Astrophysics Data System}
}

@article{Guderlei2007,
title = "Algorithms for the computation of the Minkowski functionals of deterministic and random polyconvex sets",
journal = "Image and Vision Computing",
volume = "25",
number = "4",
pages = "464 - 474",
year = "2007",
note = "International Symposium on Mathematical Morphology 2005",
issn = "0262-8856",
doi = "https://doi.org/10.1016/j.imavis.2006.07.019",
url = "http://www.sciencedirect.com/science/article/pii/S026288560600254X",
author = "R. Guderlei and S. Klenk and J. Mayer and V. Schmidt and E. Spodarev",
keywords = "Binary image, Intrinsic volume, Quermaß integral, Minkowski functional, Area, Boundary length, Euler–Poincaré characteristic, Stationary random closed set, Random field, Volume fraction, Steiner formula, Principal kinematic formula, Parallel set"
}

@article{Legland11,
	author = {David Legland and Kiên Kiêu and Marie-Françoise Devaux},
	title = {COMPUTATION OF MINKOWSKI MEASURES ON 2D AND 3D BINARY IMAGES},
	journal = {Image Analysis & Stereology},
	volume = {26},
	number = {2},
	year = {2011},
	keywords = {3D images; Crofton formula; discrete measures; local estimation; Minkowski measures; polyhedral reconstruction},
	issn = {1854-5165},	pages = {83--92},	doi = {10.5566/ias.v26.p83-92},
	url = {https://www.ias-iss.org/ojs/IAS/article/view/811}
}

@ARTICLE{cmw2014,
   author = {{Cammarota}, V. and {Marinucci}, D. and {Wigman}, I.},
    title = "{On the distribution of the critical values of random spherical harmonics}",
  journal = {ArXiv e-prints},
archivePrefix = "arXiv",
   eprint = {1409.1364},
 primaryClass = "math-ph",
 keywords = {Mathematical Physics, Mathematics - Probability, 60G60, 60D05, 60B10, 33C55, 42C10},
     year = 2014,
    month = sep,
   adsurl = {http://adsabs.harvard.edu/abs/2014arXiv1409.1364C},
  adsnote = {Provided by the SAO/NASA Astrophysics Data System}
}

@article{TaylorAdler2003,
ajournal = "Ann. Probab.",
author = "Taylor, Jonathan E. and Adler, Robert J.",
doi = "10.1214/aop/1048516527",
journal = "The Annals of Probability",
month = "04",
number = "2",
pages = "533--563",
publisher = "The Institute of Mathematical Statistics",
title = "Euler characteristics for Gaussian fields on manifolds",
url = "http://dx.doi.org/10.1214/aop/1048516527",
volume = "31",
year = "2003"
}



@article{Taylor2006,
ajournal = "Ann. Probab.",
author = "Taylor, Jonathan E.",
doi = "10.1214/009117905000000594",
journal = "The Annals of Probability",
month = "01",
number = "1",
pages = "122--158",
publisher = "The Institute of Mathematical Statistics",
title = "A Gaussian kinematic formula",
url = "http://dx.doi.org/10.1214/009117905000000594",
volume = "34",
year = "2006"
}

@article {TaylorAdler2009,
    AUTHOR = {Taylor, Jonathan E. and Adler, Robert J.},
     TITLE = {Gaussian processes, kinematic formulae and {P}oincar\'e's
              limit},
   JOURNAL = {Ann. Probab.},
  FJOURNAL = {The Annals of Probability},
    VOLUME = {37},
      YEAR = {2009},
    NUMBER = {4},
     PAGES = {1459--1482},
      ISSN = {0091-1798},
     CODEN = {APBYAE},
   MRCLASS = {60G15 (52A22 60D05 60G60)},
  MRNUMBER = {2546751 (2010i:60118)},
MRREVIEWER = {Anne Estrade},
       DOI = {10.1214/08-AOP439},
       URL = {http://dx.doi.org/10.1214/08-AOP439},
}


@article{bkmpAoS,
ajournal = "Ann. Statist.",
author = "Baldi, P. and Kerkyacharian, G. and Marinucci, D. and Picard, D.",
doi = "10.1214/08-AOS601",
journal = "The Annals of Statistics",
month = "06",
number = "3",
pages = "1150--1171",
publisher = "The Institute of Mathematical Statistics",
title = "Asymptotics for spherical needlets",
url = "http://dx.doi.org/10.1214/08-AOS601",
volume = "37",
year = "2009"
}

@article{bkmpBer,
ajournal = "Bernoulli",
author = "Baldi, P. and Kerkyacharian, G. and Marinucci, D. and Picard, D.",
doi = "10.3150/08-BEJ164",
journal = "Bernoulli",
month = "05",
number = "2",
pages = "438--463",
publisher = "Bernoulli Society for Mathematical Statistics and Probability",
title = "Subsampling needlet coefficients on the sphere",
url = "http://dx.doi.org/10.3150/08-BEJ164",
volume = "15",
year = "2009"
}

@ARTICLE{npw1,
    author = {F. J. Narcowich and P. Petrushev and J. D. Ward},
    title = {Localized tight frames on spheres},
    journal = {SIAM J. Math. Anal},
    year = {2006},
    pages = {2237162}
}

@ARTICLE{mpbb08,
   author = {{Marinucci}, D. and {Pietrobon}, D. and {Balbi}, A. and {Baldi}, P. and 
           {Cabella}, P. and {Kerkyacharian}, G. and {Natoli}, P. and {Picard}, D. and 
           {Vittorio}, N.},
    title = "{Spherical needlets for cosmic microwave background data analysis}",
  journal = {\mnras},
archivePrefix = "arXiv",
   eprint = {0707.0844},
 keywords = {methods: data analysis , cosmic microwave background , cosmology: observations},
     year = 2008,
    month = jan,
   volume = 383,
    pages = {539-545},
      doi = {10.1111/j.1365-2966.2007.12550.x},
   adsurl = {http://adsabs.harvard.edu/abs/2008MNRAS.383..539M},
  adsnote = {Provided by the SAO/NASA Astrophysics Data System}
}

@ARTICLE{MarVad,
   author = {{Marinucci}, D. and {Vadlamani}, S.},
    title = "{High-Frequency Asymptotics for Lipschitz-Killing Curvatures of Excursion Sets on the Sphere}",
  journal = {ArXiv e-prints},
archivePrefix = "arXiv",
   eprint = {1303.2456},
 primaryClass = "math.PR",
 keywords = {Mathematics - Probability, Astrophysics - Cosmology and Extragalactic Astrophysics, Mathematics - Statistics Theory, 60G60, 62M15, 53C65, 42C15},
     year = 2013,
    month = mar,
   adsurl = {http://adsabs.harvard.edu/abs/2013arXiv1303.2456M},
  adsnote = {Provided by the SAO/NASA Astrophysics Data System}
}

@ARTICLE{bennett:2003,
   author = {{Bennett}, C.~L. and {Halpern}, M. and {Hinshaw}, G. and
{Jarosik}, N. and
	{Kogut}, A. and {Limon}, M. and {Meyer}, S.~S. and {Page}, L. and
	{Spergel}, D.~N. and {Tucker}, G.~S. and {Wollack}, E. and {Wright},
E.~L. and
	{Barnes}, C. and {Greason}, M.~R. and {Hill}, R.~S. and {Komatsu}, E. and
	{Nolta}, M.~R. and {Odegard}, N. and {Peiris}, H.~V. and {Verde}, L. and
	{Weiland}, J.~L.},
    title = "{First-Year Wilkinson Microwave Anisotropy Probe (WMAP)
Observations: Preliminary Maps and Basic Results}",
  journal = {\apjs},
   eprint = {arXiv:astro-ph/0302207},
 keywords = {Cosmology: Cosmic Microwave Background, Cosmology:
Observations, Cosmology: Dark Matter, Cosmology: Early Universe,
Instrumentation: Detectors, Space Vehicles: Instruments},
     year = 2003,
    month = sep,
   volume = 148,
    pages = {1-27},
      doi = {10.1086/377253},
   adsurl = {http://adsabs.harvard.edu/abs/2003ApJS..148....1B},
  adsnote = {Provided by the SAO/NASA Astrophysics Data System}
}

@Article{hoftuft2009,
  author =	 {{Hoftuft}, J. and {Eriksen}, H.~K. and {Banday}, A.~J. and
    {Gorski}, K.~M. and {Hansen}, F.~K. and {Lilje}, P.~B.},
  title =	 "{Increasing evidence for hemispherical power
                  asymmetry in the five-year WMAP data}",
  year =	 2009,
  journal =	 {\apj},
  volume  =      {699},
  pages   =      {985-989},
  archivePrefix ="arXiv:0903.1229",
  primaryClass = "astro-ph.CO",
  SLACcitation = "%%CITATION = 0903.1229;%%"
}

@article{Axelsson:2013mva,
      author         = "Axelsson, M. and Fantaye, Y. and Hansen, F.K. and Banday,
                        A.J. and Eriksen, H.K. and others",
      title          = "{Directional dependence of $\Lambda$CDM cosmological
                        parameters}",
      journal        = "Astrophys.J.",
      volume         = "773",
      pages          = "L3",
      doi            = "10.1088/2041-8205/773/1/L3",
      year           = "2013",
      eprint         = "1303.5371",
      archivePrefix  = "arXiv",
      primaryClass   = "astro-ph.CO",
      SLACcitation   = "%%CITATION = ARXIV:1303.5371;%%",
}

@Article{wmap9_1,
  author =	 "Bennett, C.~L. and others",
  title =	 "{Nine-Year Wilkinson Microwave Anisotropy Probe (WMAP) Observations: Final Maps and Results}",
  year =	 2012,
  journal =	 {arXiv:1212.5225},
  archivePrefix ="arXiv:",
  primaryClass = "astro-ph.CO",
  SLACcitation = "%%CITATION = 0903.1229;%%"
}

@article{Hajian:2003qq,
      author         = "Hajian, Amir and Souradeep, Tarun",
      title          = "{Measuring statistical isotropy of the CMB anisotropy}",
      journal        = "Astrophys.J.",
      volume         = "597",
      pages          = "L5-L8",
      doi            = "10.1086/379757",
      year           = "2003",
      eprint         = "astro-ph/0308001",
      archivePrefix  = "arXiv",
      primaryClass   = "astro-ph",
      reportNumber   = "IUCAA-37-2003",
      SLACcitation   = "%%CITATION = ASTRO-PH/0308001;%%",
}

@article{deOliveiraCosta:2003pu,
      author         = "de Oliveira-Costa, Angelica and Tegmark, Max and
                        Zaldarriaga, Matias and Hamilton, Andrew",
      title          = "{The Significance of the largest scale CMB fluctuations
                        in WMAP}",
      journal        = "Phys.Rev.",
      volume         = "D69",
      pages          = "063516",
      doi            = "10.1103/PhysRevD.69.063516",
      year           = "2004",
      eprint         = "astro-ph/0307282",
      archivePrefix  = "arXiv",
      primaryClass   = "astro-ph",
      SLACcitation   = "%%CITATION = ASTRO-PH/0307282;%%",
}

@article{Tegmark:2003ve,
      author         = "Tegmark, Max and de Oliveira-Costa, Angelica and
                        Hamilton, Andrew",
      title          = "{A high resolution foreground cleaned CMB map from WMAP}",
      journal        = "Phys.Rev.",
      volume         = "D68",
      pages          = "123523",
      doi            = "10.1103/PhysRevD.68.123523",
      year           = "2003",
      eprint         = "astro-ph/0302496",
      archivePrefix  = "arXiv",
      primaryClass   = "astro-ph",
      SLACcitation   = "%%CITATION = ASTRO-PH/0302496;%%",
}

@article{Vielva:2003et,
      author         = "Vielva, Patricio and Martinez-Gonzalez, E. and Barreiro,
                        R.B. and Sanz, J.L. and Cayon, L.",
      title          = "{Detection of non-Gaussianity in the WMAP 1 - year data
                        using spherical wavelets}",
      journal        = "Astrophys.J.",
      volume         = "609",
      pages          = "22-34",
      doi            = "10.1086/421007",
      year           = "2004",
      eprint         = "astro-ph/0310273",
      archivePrefix  = "arXiv",
      primaryClass   = "astro-ph",
      SLACcitation   = "%%CITATION = ASTRO-PH/0310273;%%",
}

@article{Land:2005ad,
      author         = "Land, Kate and Magueijo, Joao",
      title          = "{The Axis of evil}",
      journal        = "Phys.Rev.Lett.",
      volume         = "95",
      pages          = "071301",
      doi            = "10.1103/PhysRevLett.95.071301",
      year           = "2005",
      eprint         = "astro-ph/0502237",
      archivePrefix  = "arXiv",
      primaryClass   = "astro-ph",
      SLACcitation   = "%%CITATION = ASTRO-PH/0502237;%%",
}

@article{Land:2004bs,
      author         = "Land, Kate and Magueijo, Joao",
      title          = "{Cubic anomalies in WMAP}",
      journal        = "Mon.Not.Roy.Astron.Soc.",
      volume         = "357",
      pages          = "994-1002",
      doi            = "10.1111/j.1365-2966.2005.08707.x/abs/",
      year           = "2005",
      eprint         = "astro-ph/0405519",
      archivePrefix  = "arXiv",
      primaryClass   = "astro-ph",
      SLACcitation   = "%%CITATION = ASTRO-PH/0405519;%%",
}

@article{Larson:2004vm,
      author         = "Larson, David L. and Wandelt, Benjamin D.",
      title          = "{The Hot and cold spots in the WMAP data are not hot and
                        cold enough}",
      journal        = "Astrophys.J.",
      volume         = "613",
      pages          = "L85-L88",
      doi            = "10.1086/425250",
      year           = "2004",
      eprint         = "astro-ph/0404037",
      archivePrefix  = "arXiv",
      primaryClass   = "astro-ph",
      SLACcitation   = "%%CITATION = ASTRO-PH/0404037;%%",
}

@article{Cruz:2006fy,
      author         = "Cruz, Marcos and Cayon, L. and Martinez-Gonzalez, E. and
                        Vielva, P. and Jin, J.",
      title          = "{The non-gaussian cold spot in the 3-year wmap data}",
      journal        = "Astrophys.J.",
      volume         = "655",
      pages          = "11-20",
      doi            = "10.1086/509703",
      year           = "2007",
      eprint         = "astro-ph/0603859",
      archivePrefix  = "arXiv",
      primaryClass   = "astro-ph",
      SLACcitation   = "%%CITATION = ASTRO-PH/0603859;%%",
}

@article{PBM2,
      author         = "Pietrobon, Davide and Amblard, Alexandre and Balbi,
                        Amedeo and Cabella, Paolo and Cooray, Asantha and others",
      title          = "{Needlet Detection of Features in WMAP CMB Sky and the
                        Impact on Anisotropies and Hemispherical Asymmetries}",
      journal        = "Phys.Rev.",
      volume         = "D78",
      pages          = "103504",
      doi            = "10.1103/PhysRevD.78.103504",
      year           = "2008",
      eprint         = "0809.0010",
      archivePrefix  = "arXiv",
      primaryClass   = "astro-ph",
      SLACcitation   = "%%CITATION = ARXIV:0809.0010;%%",
}

@article{Jaffe:2006sq,
      author         = "Jaffe, T.R. and Banday, A.J. and Eriksen, H.K. and
                        Gorski, K.M. and Hansen, F.K.",
      title          = "{Bianchi Type VII(h) Models and the WMAP 3-year Data}",
      journal        = "Astron.Astrophys.",
      volume         = "460",
      pages          = "393",
      doi            = "10.1051/0004-6361:20065748",
      year           = "2006",
      eprint         = "astro-ph/0606046",
      archivePrefix  = "arXiv",
      primaryClass   = "astro-ph",
      SLACcitation   = "%%CITATION = ASTRO-PH/0606046;%%",
}

@article{Copi:2006tu,
      author         = "Copi, Craig and Huterer, Dragan and Schwarz, Dominik and
                        Starkman, Glenn",
      title          = "{The Uncorrelated Universe: Statistical Anisotropy and
                        the Vanishing Angular Correlation Function in WMAP Years
                        1-3}",
      journal        = "Phys.Rev.",
      volume         = "D75",
      pages          = "023507",
      doi            = "10.1103/PhysRevD.75.023507",
      year           = "2007",
      eprint         = "astro-ph/0605135",
      archivePrefix  = "arXiv",
      primaryClass   = "astro-ph",
      SLACcitation   = "%%CITATION = ASTRO-PH/0605135;%%",

}

@ARTICLE{hansen2004_pa,
   author = {{Hansen}, F.~K. and {Banday}, A.~J. and {G{\'o}rski}, K.~M.},
    title = "{Testing the cosmological principle of isotropy: local power-spectrum estimates of the WMAP data}",
  journal = {\mnras},
   eprint = {arXiv:astro-ph/0404206},
 keywords = {methods: data analysis, methods: statistical, techniques: image processing, cosmological parameters, cosmology: observations},
     year = 2004,
    month = nov,
   volume = 354,
    pages = {641-665},
      doi = {10.1111/j.1365-2966.2004.08229.x},
   adsurl = {http://cdsads.u-strasbg.fr/abs/2004MNRAS.354..641H},
  adsnote = {Provided by the SAO/NASA Astrophysics Data System}
}

@Article{asymparam,
  author =	 {Hansen, F.~K. and Balbi, A. and Banday, A.~J. and {{G{\'o}rski}}, K.~M.},
  title =	 "{Cosmological parameters and the WMAP data revisited}",
  year =	 2004,
  journal =	 {\mnras},
  volume =       {354},
  pages   =      {905-912},
  archivePrefix ="arXiv:0903.1229",
  primaryClass = "astro-ph.CO",
  SLACcitation = "%%CITATION = 0903.1229;%%"
}

@Article{park2004_mf,
  author =	 {Park, C.~G.},
  title =	 "{Non-Gaussian Signatures in the Temperature Fluctuation Observed by the Wilkinson Microwave Anisotropy Probe}",
  year =	 2004,
  journal =	 {\mnras},
  volume =       {349},
  pages   =      {313-320},
  archivePrefix ="arXiv:astro-ph/0307469",
  primaryClass = "astro-ph.CO",
  SLACcitation = "%%CITATION = 0903.1229;%%"
}


@ARTICLE{eriksen2004_pa,
   author = {{Eriksen}, H.~K. and {Hansen}, F.~K. and {Banday}, A.~J. and
    {Gorski}, K.~M. and {Lilje}, P.~B.},
    title = "{Asymmetries in the Cosmic Microwave Background Anisotropy Field}",
  journal = {\apj},
   eprint = {arXiv:astro-ph/0307507},
 keywords = {Cosmology: Cosmic Microwave Background, Cosmology: Observations, Methods: Statistical},
     year = 2004,
    month = apr,
   volume = 605,
    pages = {14-20},
      doi = {10.1086/382267},
   adsurl = {http://adsabs.harvard.edu/abs/2004ApJ...605...14E},
  adsnote = {Provided by the SAO/NASA Astrophysics Data System}
}

@book{VMK,
  added-at = {2010-10-02T18:22:22.000+0200},
  address = {Singapore},
  author = {Varshalovich, D. A. and Moskalev, A. N. and Khersonskii, V. K.},
  biburl = {http://www.bibsonomy.org/bibtex/2e219e2c1ef95a1fb3f482ffde9895471/brouder},
  interhash = {b359644e6b011b66691769603d751e1b},
  intrahash = {e219e2c1ef95a1fb3f482ffde9895471},
  keywords = {imported},
  publisher = {World Scientific},
  timestamp = {2010-10-02T18:22:22.000+0200},
  title = {Quantum Theory of Angular Momentum},
  year = 1988
}

@article{taylorvadlamani,
ajournal = "Ann. Probab.",
author = "Taylor, Jonathan E. and Vadlamani, Sreekar",
doi = "10.1214/11-AOP730",
journal = "The Annals of Probability",
month = "07",
number = "4",
pages = "2724--2754",
publisher = "The Institute of Mathematical Statistics",
title = "Random fields and the geometry of Wiener space",
url = "http://dx.doi.org/10.1214/11-AOP730",
volume = "41",
year = "2013"
}


@ARTICLE{LanM,
   author = {{Lan}, X. and {Marinucci}, D.},
    title = "{The needlets bispectrum}",
  journal = {Electronic Journal of Statistics},
archivePrefix = "arXiv",
   eprint = {0802.4020},
     year = 2008,
   volume = 2,
    pages = {332-367},
      doi = {10.1214/08-EJS197},
   adsurl = {http://adsabs.harvard.edu/abs/2008EJSta...2..332L},
  adsnote = {Provided by the SAO/NASA Astrophysics Data System}
}

@book{RFG,
    author = "Adler, Robert J. and Jonathan E. Taylor",
    howpublished = {Hardcover},
    isbn = {9780387481128},
    month = jun,
    doi = {10.1007/978-0-387-48116-6},
    publisher = {Springer New York},
    booktitle={Springer Monographs in Mathematics},
    title={Random Fields and Geometry},
    url = {http://www.springer.com/mathematics/geometry/book/978-3-642-19579-2},
    year = {2007}
}

@book{adlerstflour,
    author = "Adler, Robert J. and Jonathan E. Taylor",
    howpublished = {Hardcover},
    isbn = {978-3-642-19579-2 (Print) 978-3-642-19580-8 (Online)},
    doi = {10.1007/978-3-642-19580-8},
    publisher = {Springer Berlin Heidelberg},
    title={Topological Complexity of Smooth Random Functions},
    booktitle={Lecture Notes in Mathematics},
    url = {http://www.springer.com/mathematics/probability/book/978-0-387-48112-8},
    year = {2011}
}

@book{adler1981,
    author = {Adler, Robert J.},
    citeulike-article-id = {150582},
    howpublished = {Hardcover},
    isbn = {0471278440},
    keywords = {1981, bochner-theorem, ergodicity, geometry, random\_fields, spectral-theory, stationary, tesis},
    month = jun,
    posted-at = {2009-10-15 10:06:36},
    priority = {2},
    doi = {10.1137/1.9780898718980.ch1},
    publisher = {John Wiley \& Sons Inc},
    title = {{The Geometry of Random Fields (Wiley Series in Probability and Statistics)}},
    url = {http://www.worldcat.org/isbn/0471278440},
    year = {1981}
}




@ARTICLE{starketal2014,
   author = {{Bobin}, J. and {Sureau}, F. and {Starck}, J.-L. and {Rassat}, A. and 
     {Paykari}, P.},
    title = "{Joint Planck and WMAP CMB map reconstruction}",
  journal = {\aap},
archivePrefix = "arXiv",
   eprint = {1401.6016},
 primaryClass = "astro-ph.CO",
 keywords = {cosmic background radiation, methods: data analysis, methods: statistical},
     year = 2014,
    month = mar,
   volume = 563,
      eid = {A105},
    pages = {A105},
      doi = {10.1051/0004-6361/201322372},
   adsurl = {http://adsabs.harvard.edu/abs/2014A%26A...563A.105B},
  adsnote = {Provided by the SAO/NASA Astrophysics Data System}
}
@ARTICLE{healpix,
   author = {{G{\'o}rski}, K.~M. and {Hivon}, E. and {Banday}, A.~J. and 
             {Wandelt}, B.~D. and {Hansen}, F.~K. and {Reinecke}, M. and {Bartelmann}, M.}, 
   title = "{HEALPix: A Framework for High-Resolution Discretization and Fast Analysis of Data Distributed on the Sphere}",
  journal = {\apj},
   eprint = {astro-ph/0409513},
 keywords = {Cosmology: Cosmic Microwave Background, Cosmology: Observations, Methods: Statistical},
     year = 2005,
    month = apr,
   volume = 622,
    pages = {759-771},
      doi = {10.1086/427976},
   adsurl = {http://adsabs.harvard.edu/abs/2005ApJ...622..759G},
  adsnote = {Provided by the SAO/NASA Astrophysics Data System}
}

@ARTICLE{dolgov1999_mfpolm,
   author = {{Dolgov}, A.~D. and {Doroshkevich}, A.~G. and {Novikov}, D.~I. and {Novikov}, I.~D.},
    title = "{Geometry and Statistics of Cosmic Microwave Polarization}",
  journal = {International Journal of Modern Physics D},
   eprint = {astro-ph/9901399},
     year = 1999,
   volume = 8,
    pages = {189-212},
      doi = {10.1142/S0218271899000171},
   adsurl = {http://adsabs.harvard.edu/abs/1999IJMPD...8..189D},
  adsnote = {Provided by the SAO/NASA Astrophysics Data System}
}

@ARTICLE{naselsky1998_mfpol,
   author = {{Naselsky}, P.~D. and {Novikov}, D.~I.},
    title = "{General Statistical Properties of the Cosmic Microwave Background Polarization Field}",
  journal = {\apj},
   eprint = {astro-ph/9801285},
 keywords = {COSMOLOGY: COSMIC MICROWAVE BACKGROUND, COSMOLOGY: OBSERVATIONS, METHODS: STATISTICAL, POLARIZATION, Cosmology: Cosmic Microwave Background, Cosmology: Observations, Methods: Statistical, Polarization},
     year = 1998,
    month = nov,
   volume = 507,
    pages = {31-39},
      doi = {10.1086/306294},
   adsurl = {http://adsabs.harvard.edu/abs/1998ApJ...507...31N},
  adsnote = {Provided by the SAO/NASA Astrophysics Data System}
}

@ARTICLE{novikov2000_mfCMB,
   author = {{Novikov}, D. and {Schmalzing}, J. and {Mukhanov}, V.~F.},
    title = "{On non-Gaussianity in the cosmic microwave background}",
  journal = {\aap},
   eprint = {astro-ph/0006097},
 keywords = {METHODS: NUMERICAL, METHODS: STATISTICAL, COSMOLOGY: COSMIC MICROWAVE BACKGROUND, COSMOLOGY: OBSERVATIONS},
     year = 2000,
    month = dec,
   volume = 364,
    pages = {17-25},
   adsurl = {http://adsabs.harvard.edu/abs/2000A%26A...364...17N},
  adsnote = {Provided by the SAO/NASA Astrophysics Data System}
}

@ARTICLE{wmap2007_wmf,
   author = {{Spergel}, D.~N. and {Bean}, R. and {Dor{\'e}}, O. and {Nolta}, M.~R. and 
	{Bennett}, C.~L. and {Dunkley}, J. and {Hinshaw}, G. and {Jarosik}, N. and 
	{Komatsu}, E. and {Page}, L. and {Peiris}, H.~V. and {Verde}, L. and 
	{Halpern}, M. and {Hill}, R.~S. and {Kogut}, A. and {Limon}, M. and 
	{Meyer}, S.~S. and {Odegard}, N. and {Tucker}, G.~S. and {Weiland}, J.~L. and 
	{Wollack}, E. and {Wright}, E.~L.},
    title = "{Three-Year Wilkinson Microwave Anisotropy Probe (WMAP) Observations: Implications for Cosmology}",
  journal = {\apjs},
   eprint = {astro-ph/0603449},
 keywords = {Cosmology: Cosmic Microwave Background, Cosmology: Observations},
     year = 2007,
    month = jun,
   volume = 170,
    pages = {377-408},
      doi = {10.1086/513700},
   adsurl = {http://adsabs.harvard.edu/abs/2007ApJS..170..377S},
  adsnote = {Provided by the SAO/NASA Astrophysics Data System}
}





@ARTICLE{wmap2003_wmf,
   author = {{Komatsu}, E. and {Kogut}, A. and {Nolta}, M.~R. and {Bennett}, C.~L. and 
	{Halpern}, M. and {Hinshaw}, G. and {Jarosik}, N. and {Limon}, M. and 
	{Meyer}, S.~S. and {Page}, L. and {Spergel}, D.~N. and {Tucker}, G.~S. and 
	{Verde}, L. and {Wollack}, E. and {Wright}, E.~L.},
    title = "{First-Year Wilkinson Microwave Anisotropy Probe (WMAP) Observations: Tests of Gaussianity}",
  journal = {\apjs},
   eprint = {astro-ph/0302223},
 keywords = {Cosmology: Cosmic Microwave Background, Cosmology: Observations, Cosmology: Early Universe, Galaxies: Clusters: General, Cosmology: Large-Scale Structure of Universe},
     year = 2003,
    month = sep,
   volume = 148,
    pages = {119-134},
      doi = {10.1086/377220},
   adsurl = {http://adsabs.harvard.edu/abs/2003ApJS..148..119K},
  adsnote = {Provided by the SAO/NASA Astrophysics Data System}
}


@ARTICLE{planck2013_xxivNG,
   author = {{Planck Collaboration} and {Ade}, P.~A.~R. and {Aghanim}, N. and et.al.~},
    title = "{Planck 2013 Results. XXIV. Constraints on primordial non-Gaussianity}",
  journal = {ArXiv e-prints},
archivePrefix = "arXiv",
   eprint = {1303.5084},
 primaryClass = "astro-ph.CO",
 keywords = {Astrophysics - Cosmology and Extragalactic Astrophysics},
     year = 2013,
    month = mar,
   adsurl = {http://adsabs.harvard.edu/abs/2013arXiv1303.5084P},
  adsnote = {Provided by the SAO/NASA Astrophysics Data System}
}

@ARTICLE{mecke1993_mfLSS,
   author = {{Mecke}, K.~R. and {Buchert}, T. and {Wagner}, H.},
    title = "{Robust morphological measures for large-scale structure in the Universe}",
  journal = {\aap},
   eprint = {astro-ph/9312028},
 keywords = {METHODS: STATISTICAL, COSMOLOGY: LARGE-SCALE STRUCTURE OF UNIVERSE},
     year = 1994,
    month = aug,
   volume = 288,
    pages = {697-704},
   adsurl = {http://adsabs.harvard.edu/abs/1994A%26A...288..697M},
  adsnote = {Provided by the SAO/NASA Astrophysics Data System}
}



@ARTICLE{planck2013_IS,
   author = {{Planck Collaboration} and {Ade}, P.~A.~R. and {Aghanim}, N. and et.al.~
},
    title = "{Planck 2013 results. XXIII. Isotropy and statistics of the CMB}",
  journal = {ArXiv e-prints},
archivePrefix = "arXiv",
   eprint = {1303.5083},
 primaryClass = "astro-ph.CO",
 keywords = {Astrophysics - Cosmology and Extragalactic Astrophysics},
     year = 2013,
    month = mar,
   adsurl = {http://adsabs.harvard.edu/abs/2013arXiv1303.5083P},
  adsnote = {Provided by the SAO/NASA Astrophysics Data System}
}

@ARTICLE{eriksen2004_mf,
   author = {{Eriksen}, H.~K. and {Novikov}, D.~I. and {Lilje}, P.~B. and 
	{Banday}, A.~J. and {G{\'o}rski}, K.~M.},
    title = "{Testing for Non-Gaussianity in the Wilkinson Microwave Anisotropy Probe Data: Minkowski Functionals and the Length of the Skeleton}",
  journal = {\apj},
   eprint = {astro-ph/0401276},
 keywords = {Cosmology: Cosmic Microwave Background, Cosmology: Observations, Methods: Statistical},
     year = 2004,
    month = sep,
   volume = 612,
    pages = {64-80},
      doi = {10.1086/422570},
   adsurl = {http://adsabs.harvard.edu/abs/2004ApJ...612...64E},
  adsnote = {Provided by the SAO/NASA Astrophysics Data System}
}

@ARTICLE{coles1988_mfCMB,
   author = {{Coles}, P.},
    title = "{Statistical geometry and the microwave background}",
  journal = {\mnras},
 keywords = {Background Radiation, Galactic Evolution, Monte Carlo Method, Statistical Distributions, Dark Matter, Galactic Clusters, Microwave Frequencies, Statistical Tests},
     year = 1988,
    month = oct,
   volume = 234,
    pages = {509-531},
   adsurl = {http://adsabs.harvard.edu/abs/1988MNRAS.234..509C},
  adsnote = {Provided by the SAO/NASA Astrophysics Data System}
}

@ARTICLE{schmalzing1998_mfreview,
   author = {{Schmalzing}, J. and {Gorski}, K.~M.},
    title = "{Minkowski functionals used in the morphological analysis of cosmic microwave background anisotropy maps}",
  journal = {\mnras},
   eprint = {astro-ph/9710185},
 keywords = {METHODS: NUMERICAL, METHODS: STATISTICAL, COSMIC MICROWAVE BACKGROUND},
     year = 1998,
    month = jun,
   volume = 297,
    pages = {355-365},
      doi = {10.1046/j.1365-8711.1998.01467.x},
   adsurl = {http://adsabs.harvard.edu/abs/1998MNRAS.297..355S},
  adsnote = {Provided by the SAO/NASA Astrophysics Data System}
}

@ARTICLE{schmalzing1997_mf,
   author = {{Schmalzing}, J. and {Buchert}, T.},
    title = "{Beyond Genus Statistics: A Unifying Approach to the Morphology of Cosmic Structure}",
  journal = {\apjl},
   eprint = {astro-ph/9702130},
 keywords = {COSMOLOGY: LARGE-SCALE STRUCTURE OF UNIVERSE, METHODS: STATISTICAL, Cosmology: Large-Scale Structure of Universe, Methods: Statistical},
     year = 1997,
    month = jun,
   volume = 482,
    pages = {L1-L4},
      doi = {10.1086/310680},
   adsurl = {http://adsabs.harvard.edu/abs/1997ApJ...482L...1S},
  adsnote = {Provided by the SAO/NASA Astrophysics Data System}
}

@ARTICLE{hikage2008_mfwmap3,
   author = {{Hikage}, C. and {Matsubara}, T. and {Coles}, P. and {Liguori}, M. and 
	{Hansen}, F.~K. and {Matarrese}, S.},
    title = "{Limits on primordial non-Gaussianity from Minkowski Functionals of the WMAP temperature anisotropies}",
  journal = {\mnras},
archivePrefix = "arXiv",
   eprint = {0802.3677},
 keywords = {methods: analytical , methods: statistical , cosmic microwave background , early Universe},
     year = 2008,
    month = sep,
   volume = 389,
    pages = {1439-1446},
      doi = {10.1111/j.1365-2966.2008.13674.x},
   adsurl = {http://adsabs.harvard.edu/abs/2008MNRAS.389.1439H},
  adsnote = {Provided by the SAO/NASA Astrophysics Data System}
}

@ARTICLE{hikage2006_mflss,
   author = {{Hikage}, C. and {Komatsu}, E. and {Matsubara}, T.},
    title = "{Primordial Non-Gaussianity and Analytical Formula for Minkowski Functionals of the Cosmic Microwave Background and Large-Scale Structure}",
  journal = {\apj},
   eprint = {astro-ph/0607284},
 keywords = {Cosmology: Cosmic Microwave Background, Cosmology: Large-Scale Structure of Universe, Methods: Analytical},
     year = 2006,
    month = dec,
   volume = 653,
    pages = {11-26},
      doi = {10.1086/508653},
   adsurl = {http://adsabs.harvard.edu/abs/2006ApJ...653...11H},
  adsnote = {Provided by the SAO/NASA Astrophysics Data System}
}


@ARTICLE{matsubara2003_mf2PT,
   author = {{Matsubara}, T.},
    title = "{Statistics of Smoothed Cosmic Fields in Perturbation Theory. I. Formulation and Useful Formulae in Second-Order Perturbation Theory}",
  journal = {\apj},
 keywords = {Cosmology: Theory, Cosmology: Large-Scale Structure of Universe, Methods: Statistical},
     year = 2003,
    month = feb,
   volume = 584,
    pages = {1-33},
      doi = {10.1086/345521},
   adsurl = {http://adsabs.harvard.edu/abs/2003ApJ...584....1M},
  adsnote = {Provided by the SAO/NASA Astrophysics Data System}
}

@ARTICLE{winitzki1998_mfcmb,
   author = {{Winitzki}, S. and {Kosowsky}, A.},
    title = "{Minkowski functional description of microwave background Gaussianity}",
  journal = {\na},
   eprint = {astro-ph/9710164},
     year = 1998,
    month = mar,
   volume = 3,
    pages = {75-99},
      doi = {10.1016/S1384-1076(97)00046-8},
   adsurl = {http://adsabs.harvard.edu/abs/1998NewA....3...75W},
  adsnote = {Provided by the SAO/NASA Astrophysics Data System}
}

@ARTICLE{hikage2003_mfsdss,
   author = {{Hikage}, C. and {Schmalzing}, J. and {Buchert}, T. and {Suto}, Y. and 
	{Kayo}, I. and {Taruya}, A. and {Vogeley}, M.~S. and {Hoyle}, F. and 
	{Gott}, III, J.~R. and {Brinkmann}, J.},
    title = "{Minkowski Functionals of SDSS Galaxies I : Analysis of Excursion Sets}",
  journal = {\pasj},
   eprint = {astro-ph/0304455},
 keywords = {cosmology: large-scale structure of universe, cosmology: observations, methods: statistical},
     year = 2003,
    month = oct,
   volume = 55,
    pages = {911-931},
      doi = {10.1093/pasj/55.5.911},
   adsurl = {http://adsabs.harvard.edu/abs/2003PASJ...55..911H},
  adsnote = {Provided by the SAO/NASA Astrophysics Data System}
}



@ARTICLE{matsubara2010_mfFnl,
   author = {{Matsubara}, T.},
    title = "{Analytic Minkowski functionals of the cosmic microwave background: Second-order non-Gaussianity with bispectrum and trispectrum}",
  journal = {\prd},
archivePrefix = "arXiv",
   eprint = {1001.2321},
 primaryClass = "astro-ph.CO",
 keywords = {Cosmology, Background radiations, Observational cosmology, Mathematical and relativistic aspects of cosmology},
     year = 2010,
    month = apr,
   volume = 81,
   number = 8,
      eid = {083505},
    pages = {083505},
      doi = {10.1103/PhysRevD.81.083505},
   adsurl = {http://adsabs.harvard.edu/abs/2010PhRvD..81h3505M},
  adsnote = {Provided by the SAO/NASA Astrophysics Data System}
}

@ARTICLE{tomita1986_genus,
   author = {{Tomita}, H.},
    title = "{Curvature Invariants of Random Interface Generated by Gaussian Fields}",
  journal = {Progress of Theoretical Physics},
     year = 1986,
    month = oct,
   volume = 76,
    pages = {952-955},
      doi = {10.1143/PTP.76.952},
   adsurl = {http://adsabs.harvard.edu/abs/1986PThPh..76..952T},
  adsnote = {Provided by the SAO/NASA Astrophysics Data System}
}

@ARTICLE{munshi2012_mfWL,
   author = {{Munshi}, D. and {van Waerbeke}, L. and {Smidt}, J. and {Coles}, P.
	},
    title = "{From weak lensing to non-Gaussianity via Minkowski functionals}",
  journal = {\mnras},
archivePrefix = "arXiv",
   eprint = {1103.1876},
 primaryClass = "astro-ph.CO",
 keywords = {gravitational lensing: weak, methods: analytical, methods: numerical, methods: statistical, cosmology: theory, large-scale structure of Universe},
     year = 2012,
    month = jan,
   volume = 419,
    pages = {536-555},
      doi = {10.1111/j.1365-2966.2011.19718.x},
   adsurl = {http://adsabs.harvard.edu/abs/2012MNRAS.419..536M},
  adsnote = {Provided by the SAO/NASA Astrophysics Data System}
}

@ARTICLE{natoli2010mfBoomrang,
   author = {{Natoli}, P. and {de Troia}, G. and {Hikage}, C. and {Komatsu}, E. and 
	{Migliaccio}, M. and {Ade}, P.~A.~R. and {Bock}, J.~J. and {Bond}, J.~R. and 
	{Borrill}, J. and {Boscaleri}, A. and {Contaldi}, C.~R. and 
	{Crill}, B.~P. and {de Bernardis}, P. and {de Gasperis}, G. and 
	{de Oliveira-Costa}, A. and {di Stefano}, G. and {Hivon}, E. and 
	{Kisner}, T.~S. and {Jones}, W.~C. and {Lange}, A.~E. and {Masi}, S. and 
	{Mauskopf}, P.~D. and {MacTavish}, C.~J. and {Melchiorri}, A. and 
	{Montroy}, T.~E. and {Netterfield}, C.~B. and {Pascale}, E. and 
	{Piacentini}, F. and {Polenta}, G. and {Ricciardi}, S. and {Romeo}, G. and 
	{Ruhl}, J.~E. and {Tegmark}, M. and {Veneziani}, M. and {Vittorio}, N.
	},
    title = "{BOOMERanG constraints on primordial non-Gaussianity from analytical Minkowski functionals}",
  journal = {\mnras},
archivePrefix = "arXiv",
   eprint = {0905.4301},
 primaryClass = "astro-ph.CO",
 keywords = {methods: analytical, methods: statistical, early Universe, cosmic background radiation, cosmology: observations},
     year = 2010,
    month = nov,
   volume = 408,
    pages = {1658-1665},
      doi = {10.1111/j.1365-2966.2010.17228.x},
   adsurl = {http://adsabs.harvard.edu/abs/2010MNRAS.408.1658N},
  adsnote = {Provided by the SAO/NASA Astrophysics Data System}
}

@ARTICLE{sato2001_mfWL,
   author = {{Sato}, J. and {Takada}, M. and {Jing}, Y.~P. and {Futamase}, T.},
    title = "{Implication of {$\Omega$}$_{M}$ through the Morphological Analysis of Weak Lensing Fields}",
  journal = {\apjl},
   eprint = {astro-ph/0104015},
 keywords = {Cosmology: Theory, Cosmology: Gravitational Lensing, Methods: Numerical},
     year = 2001,
    month = apr,
   volume = 551,
    pages = {L5-L8},
      doi = {10.1086/319838},
   adsurl = {http://adsabs.harvard.edu/abs/2001ApJ...551L...5S},
  adsnote = {Provided by the SAO/NASA Astrophysics Data System}
}

@ARTICLE{matsubara2001_mfWL,
   author = {{Matsubara}, T. and {Jain}, B.},
    title = "{The Topology of Weak Lensing Fields}",
  journal = {\apjl},
   eprint = {astro-ph/0009402},
 keywords = {Cosmology: Theory, Cosmology: Gravitational Lensing, Cosmology: Large-Scale Structure of Universe, Methods: Numerical},
     year = 2001,
    month = may,
   volume = 552,
    pages = {L89-L92},
      doi = {10.1086/320327},
   adsurl = {http://adsabs.harvard.edu/abs/2001ApJ...552L..89M},
  adsnote = {Provided by the SAO/NASA Astrophysics Data System}
}

@ARTICLE{gleser2006_mfReionisation,
   author = {{Gleser}, L. and {Nusser}, A. and {Ciardi}, B. and {Desjacques}, V.
	},
    title = "{The morphology of cosmological reionization by means of Minkowski functionals}",
  journal = {\mnras},
   eprint = {astro-ph/0602616},
 keywords = {intergalactic medium: large-scale structure of Universe, intergalactic medium, large-scale structure of Universe},
     year = 2006,
    month = aug,
   volume = 370,
    pages = {1329-1338},
      doi = {10.1111/j.1365-2966.2006.10556.x},
   adsurl = {http://adsabs.harvard.edu/abs/2006MNRAS.370.1329G},
  adsnote = {Provided by the SAO/NASA Astrophysics Data System}
}

@ARTICLE{kratochvil2012_mfWL,
   author = {{Kratochvil}, J.~M. and {Lim}, E.~A. and {Wang}, S. and {Haiman}, Z. and 
	{May}, M. and {Huffenberger}, K.},
    title = "{Probing cosmology with weak lensing Minkowski functionals}",
  journal = {\prd},
archivePrefix = "arXiv",
   eprint = {1109.6334},
 primaryClass = "astro-ph.CO",
 keywords = {Cosmology, Dark energy, Superclusters, large-scale structure of the Universe},
     year = 2012,
    month = may,
   volume = 85,
   number = 10,
      eid = {103513},
    pages = {103513},
      doi = {10.1103/PhysRevD.85.103513},
   adsurl = {http://adsabs.harvard.edu/abs/2012PhRvD..85j3513K},
  adsnote = {Provided by the SAO/NASA Astrophysics Data System}
}

@ARTICLE{hikage2012_mfWmap7,
   author = {{Hikage}, C. and {Matsubara}, T.},
    title = "{Limits on second-order non-Gaussianity from Minkowski functionals of WMAP 7-year data}",
  journal = {\mnras},
archivePrefix = "arXiv",
   eprint = {1207.1183},
 primaryClass = "astro-ph.CO",
 keywords = {methods: analytical, methods: statistical, cosmic background radiation, early Universe },
     year = 2012,
    month = sep,
   volume = 425,
    pages = {2187-2196},
      doi = {10.1111/j.1365-2966.2012.21572.x},
   adsurl = {http://adsabs.harvard.edu/abs/2012MNRAS.425.2187H},
  adsnote = {Provided by the SAO/NASA Astrophysics Data System}
}

@ARTICLE{donzelli2012_mfNeedlet,
   author = {{Donzelli}, S. and {Hansen}, F.~K. and {Liguori}, M. and {Marinucci}, D. and 
	{Matarrese}, S.},
    title = "{On the Linear Term Correction for Needlet/Wavelet Non-Gaussianity Estimators}",
  journal = {\apj},
archivePrefix = "arXiv",
   eprint = {1202.1478},
 primaryClass = "astro-ph.CO",
 keywords = {cosmic background radiation, cosmology: observations, early universe, methods: data analysis, methods: statistical},
     year = 2012,
    month = aug,
   volume = 755,
      eid = {19},
    pages = {19},
      doi = {10.1088/0004-637X/755/1/19},
   adsurl = {http://adsabs.harvard.edu/abs/2012ApJ...755...19D},
  adsnote = {Provided by the SAO/NASA Astrophysics Data System}
}

@ARTICLE{lim2012_mfCMBPeaks,
   author = {{Lim}, E.~A. and {Simon}, D.},
    title = "{Can we detect hot/cold spots in the CMB with Minkowski Functionals?}",
  journal = {\jcap},
archivePrefix = "arXiv",
   eprint = {1103.4300},
 primaryClass = "astro-ph.CO",
     year = 2012,
    month = jan,
   volume = 1,
      eid = {048},
    pages = {48},
      doi = {10.1088/1475-7516/2012/01/048},
   adsurl = {http://adsabs.harvard.edu/abs/2012JCAP...01..048L},
  adsnote = {Provided by the SAO/NASA Astrophysics Data System}
}

@article{KLENK2006127,
title = "A new algorithmic approach to the computation of Minkowski functionals of polyconvex sets",
journal = "Computational Geometry",
volume = "34",
number = "3",
pages = "127 - 148",
year = "2006",
issn = "0925-7721",
doi = "https://doi.org/10.1016/j.comgeo.2006.02.002",
url = "http://www.sciencedirect.com/science/article/pii/S0925772106000228",
author = "Simone Klenk and Volker Schmidt and Evgueni Spodarev",
keywords = "Quermaßintegral, Intrinsic volume, Discretization, Volume, Area, Boundary length, Euler–Poincaré characteristic, Porosity"
}

@ARTICLE{Gay2012_NGPeaks,
   author = {{Gay}, C. and {Pichon}, C. and {Pogosyan}, D.},
    title = "{Non-Gaussian statistics of critical sets in 2D and 3D: Peaks, voids, saddles, genus, and skeleton}",
  journal = {\prd},
archivePrefix = "arXiv",
   eprint = {1110.0261},
 keywords = {Multivariate analysis, Superclusters, large-scale structure of the Universe, Background radiations, Mathematical and relativistic aspects of cosmology},
     year = 2012,
    month = jan,
   volume = 85,
   number = 2,
      eid = {023011},
    pages = {023011},
      doi = {10.1103/PhysRevD.85.023011},
   adsurl = {http://adsabs.harvard.edu/abs/2012PhRvD..85b3011G},
  adsnote = {Provided by the SAO/NASA Astrophysics Data System}
}

@ARTICLE{Pogosyan2011_NGCount,
   author = {{Pogosyan}, D. and {Pichon}, C. and {Gay}, C.},
    title = "{Non-Gaussian extrema counts for CMB maps}",
  journal = {\prd},
archivePrefix = "arXiv",
   eprint = {1107.1863},
 keywords = {Mathematical and relativistic aspects of cosmology, Multivariate analysis, Background radiations},
     year = 2011,
    month = oct,
   volume = 84,
   number = 8,
      eid = {083510},
    pages = {083510},
      doi = {10.1103/PhysRevD.84.083510},
   adsurl = {http://adsabs.harvard.edu/abs/2011PhRvD..84h3510P},
  adsnote = {Provided by the SAO/NASA Astrophysics Data System}
}

@ARTICLE{ducout2013_mfFnl,
   author = {{Ducout}, A. and {Bouchet}, F.~R. and {Colombi}, S. and {Pogosyan}, D. and 
	{Prunet}, S.},
    title = "{Non-Gaussianity and Minkowski functionals: forecasts for Planck}",
  journal = {\mnras},
archivePrefix = "arXiv",
   eprint = {1209.1223},
 primaryClass = "astro-ph.CO",
 keywords = {methods: numerical, methods: statistical, cosmic background radiation},
     year = 2013,
    month = mar,
   volume = 429,
    pages = {2104-2126},
      doi = {10.1093/mnras/sts483},
   adsurl = {http://adsabs.harvard.edu/abs/2013MNRAS.429.2104D},
  adsnote = {Provided by the SAO/NASA Astrophysics Data System}
}

@ARTICLE{gratten2012_mfLSSreview,
   author = {{Pratten}, G. and {Munshi}, D.},
    title = "{Non-Gaussianity in large-scale structure and Minkowski functionals}",
  journal = {\mnras},
archivePrefix = "arXiv",
   eprint = {1108.1985},
 primaryClass = "astro-ph.CO",
 keywords = {methods: analytical, methods: numerical, methods: statistical, cosmology: observations, large-scale structure of Universe},
     year = 2012,
    month = jul,
   volume = 423,
    pages = {3209-3226},
      doi = {10.1111/j.1365-2966.2012.21103.x},
   adsurl = {http://adsabs.harvard.edu/abs/2012MNRAS.423.3209P},
  adsnote = {Provided by the SAO/NASA Astrophysics Data System}
}


@ARTICLE{munshi2013_mfSkewCl,
   author = {{Munshi}, D. and {Smidt}, J. and {Cooray}, A. and {Renzi}, A. and 
	{Heavens}, A. and {Coles}, P.},
    title = "{New approaches to probing Minkowski functionals}",
  journal = {\mnras},
archivePrefix = "arXiv",
   eprint = {1011.5224},
 primaryClass = "astro-ph.CO",
 keywords = {methods: analytical, methods: numerical, methods: statistical, cosmic background radiation, diffuse radiation, large-scale structure of Universe},
     year = 2013,
    month = oct,
   volume = 434,
    pages = {2830-2855},
      doi = {10.1093/mnras/stt1189},
   adsurl = {http://adsabs.harvard.edu/abs/2013MNRAS.434.2830M},
  adsnote = {Provided by the SAO/NASA Astrophysics Data System}
}

@ARTICLE{modest2013_mfScaleDepFnl,
   author = {{Modest}, H.~I. and {R{\"a}th}, C. and {Banday}, A.~J. and {Rossmanith}, G. and 
	{S{\"u}tterlin}, R. and {Basak}, S. and {Delabrouille}, J. and 
	{G{\'o}rski}, K.~M. and {Morfill}, G.~E.},
    title = "{Scale-dependent non-Gaussianities in the CMB data identified with Minkowski functionals and scaling indices}",
  journal = {\mnras},
archivePrefix = "arXiv",
   eprint = {1209.5106},
 primaryClass = "astro-ph.CO",
 keywords = {methods: data analysis, methods: statistical, cosmology: observations, cosmology: early Universe, cosmology: inflation},
     year = 2013,
    month = jan,
   volume = 428,
    pages = {551-562},
      doi = {10.1093/mnras/sts056},
   adsurl = {http://adsabs.harvard.edu/abs/2013MNRAS.428..551M},
  adsnote = {Provided by the SAO/NASA Astrophysics Data System}
}

@ARTICLE{petri2013_mfWLreview,
   author = {{Petri}, A. and {Haiman}, Z. and {Hui}, L. and {May}, M. and 
	{Kratochvil}, J.~M.},
    title = "{Cosmology with Minkowski functionals and moments of the weak lensing convergence field}",
  journal = {\prd},
archivePrefix = "arXiv",
   eprint = {1309.4460},
 primaryClass = "astro-ph.CO",
 keywords = {Relativity and gravitation, Gravitational lenses and luminous arcs},
     year = 2013,
    month = dec,
   volume = 88,
   number = 12,
      eid = {123002},
    pages = {123002},
      doi = {10.1103/PhysRevD.88.123002},
   adsurl = {http://adsabs.harvard.edu/abs/2013PhRvD..88l3002P},
  adsnote = {Provided by the SAO/NASA Astrophysics Data System}
}


